<?xml version="1.0" encoding="UTF-8"?><record xmlns="http://www.loc.gov/MARC21/slim" xmlns:cinclude="http://apache.org/cocoon/include/1.0" xmlns:zs="http://www.loc.gov/zing/srw/">
  <leader>00706cz  a2200169n  4500</leader>
  <controlfield tag="001">no2012103968</controlfield>
  <controlfield tag="003">DLC</controlfield>
  <controlfield tag="005">20130328082417.0</controlfield>
  <controlfield tag="008">120802n| azannaabn          |a aaa     c</controlfield>
  <datafield tag="010" ind1=" " ind2=" ">
    <subfield code="a">no2012103968</subfield>
  </datafield>
  <datafield tag="035" ind1=" " ind2=" ">
    <subfield code="a">(OCoLC)oca09266018</subfield>
  </datafield>
  <datafield tag="040" ind1=" " ind2=" ">
    <subfield code="a">IEN</subfield>
    <subfield code="b">eng</subfield>
    <subfield code="e">rda</subfield>
    <subfield code="c">IEN</subfield>
    <subfield code="d">DLC</subfield>
  </datafield>
  <datafield tag="046" ind1=" " ind2=" ">
    <subfield code="f">19621227</subfield>
  </datafield>
  <datafield tag="100" ind1="1" ind2=" ">
    <subfield code="a">O'Connor, Michael,</subfield>
    <subfield code="d">1962 December 27-</subfield>
  </datafield>
  <datafield tag="400" ind1="1" ind2=" ">
    <subfield code="w">nnea</subfield>
    <subfield code="a">O'Connor, Michael,</subfield>
    <subfield code="d">1962 Dec. 27-</subfield>
  </datafield>
  <datafield tag="670" ind1=" " ind2=" ">
    <subfield code="a">The guidebook of laws and programs for people with disabilities, 2000:</subfield>
    <subfield code="b">t.p. (Michael O'Connor, Prairie State Legal Services, Inc., Kankakee, IL) about the authors (Michael T. O'Connor, J.D. Loyola, attorney since 1989)</subfield>
  </datafield>
  <datafield tag="670" ind1=" " ind2=" ">
    <subfield code="a">Martindale-Hubbell, 2000, v. 8</subfield>
    <subfield code="b">(b. Chicago, Ill., Dec. 27, 1962)</subfield>
  </datafield>
</record>